@misc{Viray2024,
      title={Isolated and parameterized points on curves}, 
      author={Bianca Viray and Isabel Vogt},
      year={2024},
      eprint={2406.14353},
      archivePrefix={arXiv},
      primaryClass={math.NT},
      note={\url{https://arxiv.org/abs/2406.14353}}, 
}

@article {Bourdon2019,
    AUTHOR = {Bourdon, Abbey and Ejder, \"Ozlem and Liu, Yuan and Odumodu,
              Frances and Viray, Bianca},
     TITLE = {On the level of modular curves that give rise to isolated
              {$j$}-invariants},
   JOURNAL = {Adv. Math.},
  FJOURNAL = {Advances in Mathematics},
    VOLUME = {357},
      YEAR = {2019},
     PAGES = {106824, 33},
      ISSN = {0001-8708,1090-2082},
   MRCLASS = {14G35 (11G05)},
  MRNUMBER = {4016915},
MRREVIEWER = {Gregorio\ Baldi},
       DOI = {10.1016/j.aim.2019.106824},
       URL = {https://doi.org/10.1016/j.aim.2019.106824},
}

@misc{Bourdon2021,
      title={Sporadic points of odd degree on $X_1(N)$ coming from $\mathbb{Q}$-curves}, 
      author={Abbey Bourdon and Filip Najman},
      year={2021},
      eprint={2107.10909},
      archivePrefix={arXiv},
      primaryClass={math.NT},
      url={https://arxiv.org/abs/2107.10909}, 
}

@article {Bordon2024,
    AUTHOR = {Bourdon, Abbey and Gill, David R. and Rouse, Jeremy and
              Watson, Lori D.},
     TITLE = {Odd degree isolated points on {$X_1(N)$} with rational
              {$j$}-invariant},
   JOURNAL = {Res. Number Theory},
  FJOURNAL = {Research in Number Theory},
    VOLUME = {10},
      YEAR = {2024},
    NUMBER = {1},
     PAGES = {Paper No. 5, 32},
      ISSN = {2522-0160,2363-9555},
   MRCLASS = {14G35 (11G05)},
  MRNUMBER = {4678892},
       DOI = {10.1007/s40993-023-00488-0},
       URL = {https://doi.org/10.1007/s40993-023-00488-0},
}

@article {Khawaja2024,
    AUTHOR = {Khawaja, Maleeha and Siksek, Samir},
     TITLE = {Primitive algebraic points on curves},
   JOURNAL = {Res. Number Theory},
  FJOURNAL = {Research in Number Theory},
    VOLUME = {10},
      YEAR = {2024},
    NUMBER = {3},
     PAGES = {Paper No. 57, 20},
      ISSN = {2522-0160,2363-9555},
   MRCLASS = {11G30 (14H40)},
  MRNUMBER = {4755198},
       DOI = {10.1007/s40993-024-00543-4},
       URL = {https://doi.org/10.1007/s40993-024-00543-4},
}

@article {Derickx2024,
    AUTHOR = {Derickx, Maarten and Orli\'c, Petar},
     TITLE = {Modular curves {$X_0(N)$} with infinitely many quartic points},
   JOURNAL = {Res. Number Theory},
  FJOURNAL = {Research in Number Theory},
    VOLUME = {10},
      YEAR = {2024},
    NUMBER = {2},
     PAGES = {Paper No. 42, 24},
      ISSN = {2522-0160,2363-9555},
   MRCLASS = {11G18 (14G35 14K02)},
  MRNUMBER = {4729515},
       DOI = {10.1007/s40993-024-00525-6},
       URL = {https://doi.org/10.1007/s40993-024-00525-6},
}

@article {Box2023,
    AUTHOR = {Box, Josha and Gajovi\'c, Stevan and Goodman, Pip},
     TITLE = {Cubic and quartic points on modular curves using generalised
              symmetric {C}habauty},
   JOURNAL = {Int. Math. Res. Not. IMRN},
  FJOURNAL = {International Mathematics Research Notices. IMRN},
      YEAR = {2023},
    NUMBER = {7},
     PAGES = {5604--5659},
      ISSN = {1073-7928,1687-0247},
   MRCLASS = {11G20 (11G18 14G35)},
  MRNUMBER = {4565697},
MRREVIEWER = {John\ T.\ Cullinan},
       DOI = {10.1093/imrn/rnab358},
       URL = {https://doi.org/10.1093/imrn/rnab358},
}

@article {Smith2023,
    AUTHOR = {Smith, Hanson},
     TITLE = {Ramification in division fields and sporadic points on modular
              curves},
   JOURNAL = {Res. Number Theory},
  FJOURNAL = {Research in Number Theory},
    VOLUME = {9},
      YEAR = {2023},
    NUMBER = {1},
     PAGES = {Paper No. 17, 19},
      ISSN = {2522-0160,2363-9555},
   MRCLASS = {11G05 (14G35 14H52)},
  MRNUMBER = {4546874},
MRREVIEWER = {Tristan\ Phillips},
       DOI = {10.1007/s40993-023-00424-2},
       URL = {https://doi.org/10.1007/s40993-023-00424-2},
}


@article {Genao2022,
    AUTHOR = {Genao, Tyler},
     TITLE = {Typically bounding torsion on elliptic curves with rational
              {$j$}-invariant},
   JOURNAL = {J. Number Theory},
  FJOURNAL = {Journal of Number Theory},
    VOLUME = {238},
      YEAR = {2022},
     PAGES = {823--841},
      ISSN = {0022-314X,1096-1658},
   MRCLASS = {11G05},
  MRNUMBER = {4430120},
MRREVIEWER = {John\ T.\ Cullinan},
       DOI = {10.1016/j.jnt.2021.10.003},
       URL = {https://doi.org/10.1016/j.jnt.2021.10.003},
}

@article {MR4400938,
    AUTHOR = {Clark, Pete L. and Genao, Tyler and Pollack, Paul and Saia,
              Frederick},
     TITLE = {The least degree of a {CM} point on a modular curve},
   JOURNAL = {J. Lond. Math. Soc. (2)},
  FJOURNAL = {Journal of the London Mathematical Society. Second Series},
    VOLUME = {105},
      YEAR = {2022},
    NUMBER = {2},
     PAGES = {825--883},
      ISSN = {0024-6107,1469-7750},
   MRCLASS = {11G15 (11G30)},
  MRNUMBER = {4400938},
MRREVIEWER = {Guy\ Fowler},
       DOI = {10.1112/jlms.12518},
       URL = {https://doi.org/10.1112/jlms.12518},
}

@article {Ejder2022,
    AUTHOR = {Ejder, \"Ozlem},
     TITLE = {Isolated points on {$X_1(\ell^n)$} with rational
              {$j$}-invariant},
   JOURNAL = {Res. Number Theory},
  FJOURNAL = {Research in Number Theory},
    VOLUME = {8},
      YEAR = {2022},
    NUMBER = {1},
     PAGES = {Paper No. 16, 7},
      ISSN = {2522-0160,2363-9555},
   MRCLASS = {11G18},
  MRNUMBER = {4392066},
MRREVIEWER = {James\ H.\ Stankewicz},
       DOI = {10.1007/s40993-022-00313-0},
       URL = {https://doi.org/10.1007/s40993-022-00313-0},
}

@article {vanHoeji2021,
    AUTHOR = {van Hoeij, Mark and Smith, Hanson},
     TITLE = {A divisor formula and a bound on the {$\mathbb{Q}$}-gonality of
              the modular curve {$X_1(N)$}},
   JOURNAL = {Res. Number Theory},
  FJOURNAL = {Research in Number Theory},
    VOLUME = {7},
      YEAR = {2021},
    NUMBER = {2},
     PAGES = {Paper No. 22, 21},
      ISSN = {2522-0160,2363-9555},
   MRCLASS = {11G16 (11F03 11G05 14G35 14H52)},
  MRNUMBER = {4232905},
MRREVIEWER = {Francesc\ Bars},
       DOI = {10.1007/s40993-021-00243-3},
       URL = {https://doi.org/10.1007/s40993-021-00243-3},
}

@article {Muller2016,
    AUTHOR = {M\"uller, Jan Steffen and Stoll, Michael},
     TITLE = {Canonical heights on genus-2 {J}acobians},
   JOURNAL = {Algebra Number Theory},
  FJOURNAL = {Algebra \& Number Theory},
    VOLUME = {10},
      YEAR = {2016},
    NUMBER = {10},
     PAGES = {2153--2234},
      ISSN = {1937-0652,1944-7833},
   MRCLASS = {11G50 (11G10 11G30 14G40 14H40 14Q05)},
  MRNUMBER = {3582017},
MRREVIEWER = {Yu\ Yasufuku},
       DOI = {10.2140/ant.2016.10.2153},
       URL = {https://doi.org/10.2140/ant.2016.10.2153},
}

@article {Merel1996,
    AUTHOR = {Merel, Lo\"ic},
     TITLE = {Bornes pour la torsion des courbes elliptiques sur les corps
              de nombres},
   JOURNAL = {Invent. Math.},
  FJOURNAL = {Inventiones Mathematicae},
    VOLUME = {124},
      YEAR = {1996},
    NUMBER = {1-3},
     PAGES = {437--449},
      ISSN = {0020-9910,1432-1297},
   MRCLASS = {11G05 (11L05)},
  MRNUMBER = {1369424},
MRREVIEWER = {Henri\ Darmon},
       DOI = {10.1007/s002220050059},
       URL = {https://doi.org/10.1007/s002220050059},
}

@article {Mazur1977,
    AUTHOR = {Mazur, B.},
     TITLE = {Modular curves and the {E}isenstein ideal},
      NOTE = {With an appendix by Mazur and M. Rapoport},
   JOURNAL = {Inst. Hautes \'Etudes Sci. Publ. Math.},
  FJOURNAL = {Institut des Hautes \'Etudes Scientifiques. Publications
              Math\'ematiques},
    NUMBER = {47},
      YEAR = {1977},
     PAGES = {33--186},
      ISSN = {0073-8301,1618-1913},
   MRCLASS = {14G25 (10D05)},
  MRNUMBER = {488287},
MRREVIEWER = {M.\ Ohta},
       URL = {http://www.numdam.org/item?id=PMIHES_1977__47__33_0},
}

@article {Mazur1978,
    AUTHOR = {Mazur, B.},
     TITLE = {Rational isogenies of prime degree (with an appendix by {D}.
              {G}oldfeld)},
   JOURNAL = {Invent. Math.},
  FJOURNAL = {Inventiones Mathematicae},
    VOLUME = {44},
      YEAR = {1978},
    NUMBER = {2},
     PAGES = {129--162},
      ISSN = {0020-9910,1432-1297},
   MRCLASS = {14K07 (10D35 14G25)},
  MRNUMBER = {482230},
MRREVIEWER = {V.\ V.\ Shokurov},
       DOI = {10.1007/BF01390348},
       URL = {https://doi.org/10.1007/BF01390348},
}

@misc{lmfdb,
  shorthand    = {LMFDB},
  author       = {The {LMFDB Collaboration}},
  title        = {The {L}-functions and modular forms database},
  note         = {\url{https://www.lmfdb.org}},
  year         = {2024},
}

@article {Faltings1983,
    AUTHOR = {Faltings, G.},
     TITLE = {Endlichkeitss\"atze f\"ur abelsche {V}ariet\"aten \"uber
              {Z}ahlk\"orpern},
   JOURNAL = {Invent. Math.},
  FJOURNAL = {Inventiones Mathematicae},
    VOLUME = {73},
      YEAR = {1983},
    NUMBER = {3},
     PAGES = {349--366},
      ISSN = {0020-9910,1432-1297},
   MRCLASS = {11D41 (11G30 14G25)},
  MRNUMBER = {718935},
MRREVIEWER = {James\ Milne},
       DOI = {10.1007/BF01388432},
       URL = {https://doi.org/10.1007/BF01388432},
}

@article {Parent1999,
    AUTHOR = {Parent, Pierre},
     TITLE = {Bornes effectives pour la torsion des courbes elliptiques sur
              les corps de nombres},
   JOURNAL = {J. Reine Angew. Math.},
  FJOURNAL = {Journal f\"ur die Reine und Angewandte Mathematik. [Crelle's
              Journal]},
    VOLUME = {506},
      YEAR = {1999},
     PAGES = {85--116},
      ISSN = {0075-4102,1435-5345},
   MRCLASS = {11G05},
  MRNUMBER = {1665681},
MRREVIEWER = {Andrea\ Mori},
       DOI = {10.1515/crll.1999.009},
       URL = {https://doi.org/10.1515/crll.1999.009},
}

@article {Hindry1999,
    AUTHOR = {Hindry, Marc and Silverman, Joseph},
     TITLE = {Sur le nombre de points de torsion rationnels sur une courbe
              elliptique},
   JOURNAL = {C. R. Acad. Sci. Paris S\'er. I Math.},
  FJOURNAL = {Comptes Rendus de l'Acad\'emie des Sciences. S\'erie I.
              Math\'ematique},
    VOLUME = {329},
      YEAR = {1999},
    NUMBER = {2},
     PAGES = {97--100},
      ISSN = {0764-4442},
   MRCLASS = {11G05 (11G50 14G05)},
  MRNUMBER = {1710502},
MRREVIEWER = {Carlo\ Gasbarri},
       DOI = {10.1016/S0764-4442(99)80469-8},
       URL = {https://doi.org/10.1016/S0764-4442(99)80469-8},
}

@article {Clark2018,
    AUTHOR = {Clark, Pete L. and Pollack, Paul},
     TITLE = {Pursuing polynomial bounds on torsion},
   JOURNAL = {Israel J. Math.},
  FJOURNAL = {Israel Journal of Mathematics},
    VOLUME = {227},
      YEAR = {2018},
    NUMBER = {2},
     PAGES = {889--909},
      ISSN = {0021-2172,1565-8511},
   MRCLASS = {11G05},
  MRNUMBER = {3846346},
MRREVIEWER = {John\ T.\ Cullinan},
       DOI = {10.1007/s11856-018-1751-8},
       URL = {https://doi.org/10.1007/s11856-018-1751-8},
}

@article {Kamienny1992a,
    AUTHOR = {Kamienny, S.},
     TITLE = {Torsion points on elliptic curves and {$q$}-coefficients of
              modular forms},
   JOURNAL = {Invent. Math.},
  FJOURNAL = {Inventiones Mathematicae},
    VOLUME = {109},
      YEAR = {1992},
    NUMBER = {2},
     PAGES = {221--229},
      ISSN = {0020-9910,1432-1297},
   MRCLASS = {11G05 (11F30 11G18 14H52)},
  MRNUMBER = {1172689},
MRREVIEWER = {Glenn\ Stevens},
       DOI = {10.1007/BF01232025},
       URL = {https://doi.org/10.1007/BF01232025},
}

@article {Kamienny1992b,
    AUTHOR = {Kamienny, S.},
     TITLE = {Torsion points on elliptic curves over fields of higher
              degree},
   JOURNAL = {Internat. Math. Res. Notices},
  FJOURNAL = {International Mathematics Research Notices},
      YEAR = {1992},
    NUMBER = {6},
     PAGES = {129--133},
      ISSN = {1073-7928,1687-0247},
   MRCLASS = {11G05},
  MRNUMBER = {1167117},
MRREVIEWER = {Philippe\ Satg\'e},
       DOI = {10.1155/S107379289200014X},
       URL = {https://doi.org/10.1155/S107379289200014X},
}

@article {Kenku1988,
    AUTHOR = {Kenku, M. A. and Momose, F.},
     TITLE = {Torsion points on elliptic curves defined over quadratic
              fields},
   JOURNAL = {Nagoya Math. J.},
  FJOURNAL = {Nagoya Mathematical Journal},
    VOLUME = {109},
      YEAR = {1988},
     PAGES = {125--149},
      ISSN = {0027-7630,2152-6842},
   MRCLASS = {11G05 (11D25 14G25 14K07)},
  MRNUMBER = {931956},
MRREVIEWER = {Bert\ van Geemen},
       DOI = {10.1017/S0027763000002816},
       URL = {https://doi.org/10.1017/S0027763000002816},
}

@article {Derickx2021,
    AUTHOR = {Derickx, Maarten and Etropolski, Anastassia and van Hoeij,
              Mark and Morrow, Jackson S. and Zureick-Brown, David},
     TITLE = {Sporadic cubic torsion},
   JOURNAL = {Algebra Number Theory},
  FJOURNAL = {Algebra \& Number Theory},
    VOLUME = {15},
      YEAR = {2021},
    NUMBER = {7},
     PAGES = {1837--1864},
      ISSN = {1937-0652,1944-7833},
   MRCLASS = {11G18 (11G05 11Y50 14G35 14H52)},
  MRNUMBER = {4333666},
MRREVIEWER = {Keisuke\ Arai},
       DOI = {10.2140/ant.2021.15.1837},
       URL = {https://doi.org/10.2140/ant.2021.15.1837},
}

@misc {Stoll2008,
  AUTHOR = {Stoll, Michael},
   TITLE = {A genus 2 curve with at least 642 rational points},
    YEAR = {2008},
    NOTE = {\url{http://www.mathe2.uni-bayreuth.de/stoll/recordcurve.html}},
}

@MISC {Stoll2015,
    TITLE = {what is the maximum number of rational points of a curve of genus 2 over the rationals},
    AUTHOR = {Stoll, Michael},
    YEAR = {2015},
    NOTE = {\url{https://mathoverflow.net/q/103327} (version: 2015-11-18)},
    EPRINT = {https://mathoverflow.net/q/103327},
    URL = {https://mathoverflow.net/q/103327}
}

@misc {Caporaso1995,
  AUTHOR = {Caporaso, Lucia},
   TITLE = {Counting rational points on algebraic curves},
    YEAR = {1995},
    NOTE = {\url{http://www.mat.uniroma3.it/users/caporaso/CountingPoints.pdf}},
}

